<record><leader>00000cas a22000007a 4500</leader><controlfield tag="001">12228220</controlfield><controlfield tag="008">850703d191019uuiauwr ne      0    0eng d</controlfield><datafield ind1=" " ind2=" " tag="010"><subfield code="a">sn 85049660 </subfield></datafield><datafield ind1=" " ind2=" " tag="040"><subfield code="a">INP</subfield><subfield code="b">eng</subfield><subfield code="c">INP</subfield><subfield code="d">OCLCQ</subfield></datafield><datafield ind1=" " ind2=" " tag="042"><subfield code="a">msc</subfield></datafield><datafield ind1="0" ind2=" " tag="130"><subfield code="a">Solon economy (Solon, Iowa : 1910)</subfield></datafield><datafield ind1="1" ind2="0" tag="245"><subfield code="a">Solon economy.</subfield></datafield><datafield ind1="1" ind2="3" tag="246"><subfield code="a">Economy</subfield></datafield><datafield ind1=" " ind2=" " tag="260"><subfield code="a">Solon, Iowa :</subfield><subfield code="b">[s.n.],</subfield><subfield code="c">1910-</subfield></datafield><datafield ind1=" " ind2=" " tag="300"><subfield code="a">v. :</subfield><subfield code="b">ill.</subfield></datafield><datafield ind1=" " ind2=" " tag="310"><subfield code="a">Weekly</subfield></datafield><datafield ind1="0" ind2=" " tag="362"><subfield code="a">Vol. 15, no. 50 (Dec. 15, 1910)-</subfield></datafield><datafield ind1="1" ind2=" " tag="362"><subfield code="a">Ceased between Nov. 27, 1919 and Feb. 19, 1920.</subfield></datafield><datafield ind1=" " ind2=" " tag="500"><subfield code="a">Publishers: F.A. Brosh, &lt;Jan. 9-Aug. 7, 1914&gt;; Frank Kregci, &lt;Aug. 27, 1914-Nov. 6, 1919&gt;.</subfield></datafield><datafield ind1=" " ind2=" " tag="500"><subfield code="a">Editors: Leona Reidel, Dec. 15, 1910-&lt;Dec. 22, 1910&gt;; F.A. Brosh, &lt;Jan. 9-Aug. 7, 1914&gt;; Frank Kregci, &lt;Aug. 27, 1914-Nov. 6, 1919&gt;.</subfield></datafield><datafield ind1=" " ind2=" " tag="752"><subfield code="a">United States</subfield><subfield code="b">Iowa</subfield><subfield code="c">Johnson</subfield><subfield code="d">Solon.</subfield></datafield><datafield ind1="0" ind2="0" tag="780"><subfield code="t">Economy (Solon, Iowa)</subfield><subfield code="w">(DLC)sn 85049659</subfield></datafield><datafield ind1="0" ind2="7" tag="785"><subfield code="t">Solon reporter</subfield><subfield code="w">(DLC)sn 85049553</subfield></datafield><datafield ind1="0" ind2="7" tag="785"><subfield code="t">Solon news</subfield><subfield code="w">(DLC)sn 85049661</subfield></datafield><datafield ind1="1" ind2=" " tag="029"><subfield code="a">AU@</subfield><subfield code="b">000025783792</subfield></datafield></record>